<record><leader>00000cas a2200000 a 4500</leader><controlfield tag="001">35090778</controlfield><controlfield tag="008">960716d19521954miuwr ne      0    0eng c</controlfield><datafield ind1=" " ind2=" " tag="010"><subfield code="a">sn 96076845 </subfield></datafield><datafield ind1=" " ind2=" " tag="040"><subfield code="a">MHN</subfield><subfield code="b">eng</subfield><subfield code="c">MHN</subfield><subfield code="d">OCL</subfield><subfield code="d">OCLCQ</subfield></datafield><datafield ind1=" " ind2=" " tag="042"><subfield code="a">pcc</subfield></datafield><datafield ind1=" " ind2=" " tag="043"><subfield code="a">n-us-mi</subfield></datafield><datafield ind1="0" ind2="0" tag="245"><subfield code="a">Your Edmore times.</subfield></datafield><datafield ind1="3" ind2=" " tag="246"><subfield code="a">Edmore times</subfield></datafield><datafield ind1=" " ind2=" " tag="260"><subfield code="a">Edmore, Mich. :</subfield><subfield code="b">Tom Burns</subfield></datafield><datafield ind1=" " ind2=" " tag="300"><subfield code="a">v.</subfield></datafield><datafield ind1=" " ind2=" " tag="310"><subfield code="a">Weekly</subfield></datafield><datafield ind1="0" ind2=" " tag="362"><subfield code="a">Vol. 48, no. 39 (Dec. 25, 1954)-v. 50, no. 25 (Sept. 16, 1954).</subfield></datafield><datafield ind1=" " ind2="0" tag="651"><subfield code="a">Edmore (Mich.)</subfield><subfield code="v">Newspapers.</subfield></datafield><datafield ind1=" " ind2="0" tag="651"><subfield code="a">Montcalm County (Mich.)</subfield><subfield code="v">Newspapers.</subfield></datafield><datafield ind1=" " ind2=" " tag="752"><subfield code="a">United States</subfield><subfield code="b">Michigan</subfield><subfield code="c">Montcalm</subfield><subfield code="d">Edmore.</subfield></datafield><datafield ind1="0" ind2="0" tag="780"><subfield code="t">Edmore times (Edmore, Mich. : 1939)</subfield><subfield code="w">(DLC)sn 96076844</subfield><subfield code="w">(OCoLC)35090822</subfield></datafield><datafield ind1="0" ind2="0" tag="785"><subfield code="t">Edmore times (Edmore, Mich. : 1954)</subfield><subfield code="w">(DLC)sn 96076846</subfield><subfield code="w">(OCoLC)35090714</subfield></datafield><datafield ind1="1" ind2=" " tag="029"><subfield code="a">AU@</subfield><subfield code="b">000012679629</subfield></datafield></record>